@article{CASASSUS20052723,
title = {Unspanned stochastic volatility and fixed income derivatives pricing},
journal = {Journal of Banking & Finance},
volume = {29},
number = {11},
pages = {2723-2749},
year = {2005},
note = {Thirty Years of Continuous-Time Finance},
issn = {0378-4266},
doi = {https://doi.org/10.1016/j.jbankfin.2005.02.007},
url = {https://www.sciencedirect.com/science/article/pii/S0378426605000348},
author = {Jaime Casassus and Pierre Collin-Dufresne and Bob Goldstein}
}

@article{freelunch,
author = {Ahmad, R. and Willmott, P.},
year = {2005},
journal = {Willmott Magazine} ,
pages = {64 - 79},
month = {01},
pages = {},
title = {Which Free Lunch Would You Like Today, Sir?: Delta Hedging, Volatility Arbitrage and Optimal Portfolios}
}

@article{AndersenLakeHeston,
author = {Andersen, Leif and Lake, Mark},
year = {2019},
month = {07},
pages = {22-41},
title = {Heston….Again?! Robust High‐Precision Option Pricing by Fourier Transforms: Contour Deformations and Double‐Exponential Quadrature},
volume = {2019},
journal = {Wilmott},
doi = {10.1002/wilm.10774}
}

@misc{Duffie2008,
title = {Financial Modeling with Affine Processes
Preliminary and Incomplete Draft} ,
author = {Darrell Duffie} ,
year = {2008} ,
url = {https://www.dropbox.com/s/ylrm8oo0ae6obc0/affix.pdf?dl=0} ,
publisher = {Standford University And University of Lausanne}}

@article{CarrMadanOptimal,
author = {   P.   Carr  and    D.   Madan },
title = {Optimal positioning in derivative securities},
journal = {Quantitative Finance},
volume = {1},
number = {1},
pages = {19-37},
year  = {2001},
publisher = {Routledge},
doi = {10.1080/713665549},

URL = {
        https://doi.org/10.1080/713665549

},
eprint = {
        https://doi.org/10.1080/713665549

} }

@book{gatheral2006,
  title={The Volatility Surface: A Practitioner's Guide},
  author={Gatheral, J.},
  isbn={9781119202073},
  series={Wiley finance series},
  url={https://books.google.dk/books?id=morbjwEACAAJ},
  year={2006},
  publisher={John Wiley \& Sons}
}

@BOOK{SHREVE:1,
  author = {Steven E. Shreve},
  keywords = {calculus continuous stochastic time},
  publisher = {Springer},
  title = {Stochastic Calculus for Finance II, Continuous-time models},
  year = 2004
}
@article{article,
author = {Kim, In Joon},
year = {1990},
month = {02},
pages = {547-72},
title = {The Analytic Valuation of American Puts},
volume = {3},
journal = {Review of Financial Studies},
doi = {10.1093/rfs/3.4.547}
}
@book{glasserman2004monte,
  address = {New York},
  author = {Glasserman, Paul},
  isbn = {0387004513 9780387004518 1441918221 9781441918222},
  keywords = {economics mathematics},
  publisher = {Springer},
  refid = {52127560},
  timestamp = {2015-02-16T09:29:29.000+0100},
  title = {Monte Carlo methods in financial engineering},
  year = 2004
}
@book{bjork,
author = {Björk, Tomas},
year = {2019},
month = {12},
pages = {},
title = {Arbitrage Theory in Continuous Time},
isbn = {9780198851615},
publisher = {Oxford University Press},
doi = {10.1093/oso/9780198851615.001.0001}
}

@ARTICLE{Longstaff01valuingamerican,
    author = {Francis A. Longstaff and Eduardo S. Schwartz},
    title = {Valuing American options by simulation: A simple least-squares approach},
    journal = {Review of Financial Studies},
    year = {2001},
    pages = {113--147}
}

@article{ OptionPricing,
    author = {Leif Andersen and Mark Lake and Dimitri Offengenden},
    title = {High Performance American Option Pricing},
    journal = {Review of Financial Studies},
    year = {January,2020},
    version = {2nd}
}
@article{COX1979229,
title = {Option pricing: A simplified approach},
journal = {Journal of Financial Economics},
volume = {7},
number = {3},
pages = {229-263},
year = {1979},
author = {John C. Cox and Stephen A. Ross and Mark Rubinstein}
}
@book{boyd01,
  author = {Boyd, John P.},
  edition = {Second},
  keywords = {chebyshev fourier polynomial textbook},
  publisher = {Dover Publications, Inc.},
  series = {Dover Books on Mathematics},
  title = {{Chebyshev} and {Fourier} Spectral Methods},
  year = 2000
}
@article{clenshaw1955note,
  title={A note on the summation of Chebyshev series},
  author={Clenshaw, Charles W},
  journal={Mathematics of Computation},
  volume={9},
  number={51},
  pages={118--120},
  year={1955}
}
@inproceedings{Basso2002DiscreteAC,
  title={Discrete and continuous time approximations of the optimal exercise boundary of American options},
  author={A. Basso and Martina Nardon and Paolo Pianca},
  year={2002}
}
@book{kincaid91,
  address = {Pacific Grove, Calif.},
  author = {Kincaid, David R. and Cheney, E. Ward},
  interhash = {2f6ddbc6372f6277ff9501c378a8b888},
  intrahash = {631a761e72bc06237e403d6ab5dba48f},
  isbn = {0534130143 9780534130145},
  keywords = {caratheodory chebyshev chebyshev.set haar numerical.analysis textbook},
  publisher = {Brooks/Cole},
  refid = {22709411},
  timestamp = {2015-12-21T09:40:04.000+0100},
  title = {Numerical Analysis: Mathematics of Scientific Computing},
  year = 1991
}
@article{merton1973tro,
  author = {Merton, Robert},
    doi = {10.2307/3003143},
  interhash = {2bc156a0b07b9b18b353e512120d5cbe},
  intrahash = {36a29d217bff30efc9479b52770ef9a0},
  journal = {The Bell Journal of Economics and Management Science},
  keywords = {finance},
  pages = {141--183},
  publisher = {American Telephone and Telegraph Company},
  timestamp = {2016-06-14T13:22:41.000+0200},
  title = {Theory of rational option pricing},
  year = 1973
}
@article{black1973pricing,
  added-at = {2016-02-10T17:52:18.000+0100},
  author = {Black, Fishcer and Scholes, Myron},
  interhash = {29c4e539e1156910620d127dac78c286},
  intrahash = {0bcd8dc7243127d7a6e5f61fa311d02f},
  journal = {Journal of political economy},
  keywords = {black scholes},
  number = 3,
  pages = 637,
  publisher = {UChicago Press},
  title = {The pricing of options and corporate liabilities},
  volume = 81,
  year = 1973
}
@article {Ju31,
  author = {Ju, Nengjiu and Zhong, Rui},
  title = {An Approximate Formula for Pricing American Options},
  volume = {7},
  number = {2},
  pages = {31--40},
  year = {1999},
  doi = {10.3905/jod.1999.319140},
  publisher = {Institutional Investor Journals Umbrella},
  issn = {1074-1240},
  URL = {https://jod.pm-research.com/content/7/2/31},
  eprint = {https://jod.pm-research.com/content/7/2/31.full.pdf},
  journal = {The Journal of Derivatives}
}
@article{li-qdplus,
author = {Li, Minqiang},
year = {2009},
month = {10},
pages = {75-99},
title = {Analytical approximations for the critical stock prices of American options: A performance comparison},
volume = {13},
journal = {Review of Derivatives Research},
doi = {10.1007/s11147-009-9044-3}
}

@article{AndreasenFDCourse,
author = {Andreasen et. al, Jesper },
year = {2022/2023},
month = {},
title = {Fun with Finite Difference},
volume = {},
journal = {Lecture notes for the course projcet 'Finite Difference
Methods for Financial Partial Differential Equations'}
}

@article{MercXieStochBasis2012,
  author = {Mercurio, Fabio and Xie, Zhenqie},
  year = {2012},
  month ={December},
  title = {The basis goes Stochastic},
  volume = {Vol. 25, Iss. 12},
  URL = {https://www.risk.net/derivatives/interest-rate-derivatives/2229765/basis-goes-stochastic},
  journal = {Risk.net},
}

@article{LyaMer2019FMM,
  author = {Lyashenko, Andrei and Mercurio, Fabio},
  year = {2019},
  month ={February},
  day = {6},
  title = {Looking Forward to Backward-Looking Rates: A Modeling Framework for Term Rates Replacing LIBOR},
  URL = {https://ssrn.com/abstract=3330240},
}
@article{NelSieSven1994,
  author = {Svensson, L. E. O.},
  year = {1994},
  month ={September},
  title = {Estimating and interpreting forward interest rates: Sweden 1992-4},
  journal = {NBER Working Paper Series},
  volume = {no 4871}
}

Svensson, L E O (1994): “Estimating and interpreting forward interest rates: Sweden 1992-4”, NBER
Working Paper Series, no 4871, September.

@book{IRModels,
title = "Interest-Rate Models: Theory and Practice",
author = "Damiano Brigo and Fabio Mercurio",
year = "2006",
language = "English",
isbn = "9783540417729 ",
publisher = "Springer Finance",
}




